
	


@Misc{ID,
	title = {Bluetooth Communication},
	howpublished = {https://www.mathworks.com/help/instrument/bluetooth-communication.html
	},
	note = {Visited},
}
